@ARTICLE{Parker2022,
	author = {{Parker}, Jacob D. and {Smart}, Roy T. and {Kankelborg}, Charles C. and {Winebarger}, Amy R. and {Goldsworth}, Nelson},
	author+an = {2=highlight},
	title = "{First Flight of the EUV Snapshot Imaging Spectrograph}",
	journal = {ApJ},
	year = 2022,
	month = Sep,
	pages = {Accepted},
}

@ARTICLE{Smart2022,
	author={{Smart}, R.~T. and {Courrier}, H.~T. and {Parker}, J.~D. and {Kankelborg}, C.~C. and {Winebarger}, A.~R. and {Kobayashi}, K. and {Beabout}, B. and {Beabout}, D. and {Carrol}, B. and {Cirtain}, J. and {Duffy}, J.~A. and {Gullikson}, E. and {Johnson}, M. and {Rachmeler}, L. and {Springer}, L. and {Windt}, D.~L.},
	author+an = {1=highlight},
	title = "{The EUV Snapshot Imaging Spectrograph}",
	year = 2022,
	pages = {In preparation},
}

@INPROCEEDINGS{2020AGUFMSH0480004P,
       author = {{Parker}, J.~D. and {Smart}, R.~T. and {Goldsworth}, N.~C. and {Kankelborg}, C.~C. and {Winebarger}, A.~R. and {Kobayashi}, K. and {Rachmeler}, L.},
       author+an = {2=highlight},
        title = "{Doppler Measurements of Transition Region Transient Events at 630 Angstroms from the ESIS Sounding Rocket}",
     keywords = {7534 Radio emissions, SOLAR PHYSICS, ASTROPHYSICS, AND ASTRONOMY, 7549 Ultraviolet emissions, SOLAR PHYSICS, ASTROPHYSICS, AND ASTRONOMY, 7554 X-rays, gamma rays, and neutrinos, SOLAR PHYSICS, ASTROPHYSICS, AND ASTRONOMY, 7594 Instruments and techniques, SOLAR PHYSICS, ASTROPHYSICS, AND ASTRONOMY},
    booktitle = {AGU Fall Meeting Abstracts},
         year = 2020,
       volume = {2020},
        month = dec,
          eid = {SH048-0004},
       adsurl = {https://ui.adsabs.harvard.edu/abs/2020AGUFMSH0480004P},
      adsnote = {Provided by the SAO/NASA Astrophysics Data System}
}

@INPROCEEDINGS{2020AGUFMSH0480003S,
       author = {{Smart}, R.~T. and {Kankelborg}, C.~C. and {Parker}, J.~D.},
       author+an = {1=highlight},
        title = "{Convolutional Neural Networks for Tomographic Imaging Spectroscopy of the Solar Atmosphere}",
     keywords = {7534 Radio emissions, SOLAR PHYSICS, ASTROPHYSICS, AND ASTRONOMY, 7549 Ultraviolet emissions, SOLAR PHYSICS, ASTROPHYSICS, AND ASTRONOMY, 7554 X-rays, gamma rays, and neutrinos, SOLAR PHYSICS, ASTROPHYSICS, AND ASTRONOMY, 7594 Instruments and techniques, SOLAR PHYSICS, ASTROPHYSICS, AND ASTRONOMY},
    booktitle = {AGU Fall Meeting Abstracts},
         year = 2020,
       volume = {2020},
        month = dec,
          eid = {SH048-0003},
       adsurl = {https://ui.adsabs.harvard.edu/abs/2020AGUFMSH0480003S},
      adsnote = {Provided by the SAO/NASA Astrophysics Data System}
}

@INPROCEEDINGS{2019AGUFMSH33A..05K,
       author = {{Kankelborg}, C.~C. and {Parker}, J.~D. and {Smart}, R.~T. and {Winebarger}, A.~R. and {Kobayashi}, K. and {Rachmeler}, L. and {Courrier}, H.},
       author+an = {3=highlight},
        title = "{First Flight of the EUV Snapshot Imaging Spectrograph}",
     keywords = {7534 Radio emissions, SOLAR PHYSICS, ASTROPHYSICS, AND ASTRONOMY, 7549 Ultraviolet emissions, SOLAR PHYSICS, ASTROPHYSICS, AND ASTRONOMY, 7554 X-rays, gamma rays, and neutrinos, SOLAR PHYSICS, ASTROPHYSICS, AND ASTRONOMY, 7594 Instruments and techniques, SOLAR PHYSICS, ASTROPHYSICS, AND ASTRONOMY},
    booktitle = {AGU Fall Meeting Abstracts},
         year = 2019,
       volume = {2019},
        month = dec,
          eid = {SH33A-05},
       adsurl = {https://ui.adsabs.harvard.edu/abs/2019AGUFMSH33A..05K},
      adsnote = {Provided by the SAO/NASA Astrophysics Data System}
}

@INPROCEEDINGS{2019AGUFMSH31C3321S,
       author = {{Smart}, R.~T. and {Kankelborg}, C.~C. and {Parker}, J.~D. and {Courrier}, H. and {Winebarger}, A.~R. and {Kobayashi}, K. and {Rachmeler}, L.},
       author+an = {1=highlight},
        title = "{A Neural Network-based Data Analysis Technique for the EUV Snapshot Imaging Spectrograph}",
     keywords = {7534 Radio emissions, SOLAR PHYSICS, ASTROPHYSICS, AND ASTRONOMY, 7549 Ultraviolet emissions, SOLAR PHYSICS, ASTROPHYSICS, AND ASTRONOMY, 7554 X-rays, gamma rays, and neutrinos, SOLAR PHYSICS, ASTROPHYSICS, AND ASTRONOMY, 7594 Instruments and techniques, SOLAR PHYSICS, ASTROPHYSICS, AND ASTRONOMY},
    booktitle = {AGU Fall Meeting Abstracts},
         year = 2019,
       volume = {2019},
        month = dec,
          eid = {SH31C-3321},
       adsurl = {https://ui.adsabs.harvard.edu/abs/2019AGUFMSH31C3321S},
      adsnote = {Provided by the SAO/NASA Astrophysics Data System}
}

@INPROCEEDINGS{2018AGUFMSH23A..05S,
       author = {{Smart}, R.~T. and {Kankelborg}, C.~C.},
       author+an = {1=highlight},
        title = "{Machine Learning Techniques for Computed Tomography Imaging Spectroscopy of the Solar Atmosphere}",
     keywords = {7507 Chromosphere, SOLAR PHYSICS, ASTROPHYSICS, AND ASTRONOMYDE: 7509 Corona, SOLAR PHYSICS, ASTROPHYSICS, AND ASTRONOMYDE: 7538 Solar irradiance, SOLAR PHYSICS, ASTROPHYSICS, AND ASTRONOMYDE: 7594 Instruments and techniques, SOLAR PHYSICS, ASTROPHYSICS, AND ASTRONOMY},
    booktitle = {AGU Fall Meeting Abstracts},
         year = 2018,
       volume = {2018},
        month = dec,
          eid = {SH23A-05},
       adsurl = {https://ui.adsabs.harvard.edu/abs/2018AGUFMSH23A..05S},
      adsnote = {Provided by the SAO/NASA Astrophysics Data System}
}

@INPROCEEDINGS{2018SPIE10747E..0AJ,
       author = {{Johnson}, Micah A. and {Kankelborg}, Charles C. and {Meuchel}, Rubin and {Smart}, Roy~T.},
       author+an = {4=highlight},
        title = "{Confocal microscopy for high-precision non-contact optical measurements}",
    booktitle = {Optical System Alignment, Tolerancing, and Verification XII},
         year = 2018,
       series = {Society of Photo-Optical Instrumentation Engineers (SPIE) Conference Series},
       volume = {10747},
        month = sep,
          eid = {107470A},
          doi = {10.1117/12.2319597},
       adsurl = {https://ui.adsabs.harvard.edu/abs/2018SPIE10747E..0AJ},
      adsnote = {Provided by the SAO/NASA Astrophysics Data System}
}

@INPROCEEDINGS{2017SPD....4811001K,
       author = {{Kankelborg}, Charles and {Philip}, Judge and {Winebarger}, Amy R. and {Kobayashi}, Ken and {Smart}, Roy~T.},
       author+an = {5=highlight},
        title = "{VUV Spectroscopy of the Sun as a Star}",
    booktitle = {AAS/Solar Physics Division Abstracts},
         year = 2017,
       series = {AAS/Solar Physics Division Meeting},
       volume = {48},
        month = aug,
          eid = {110.01},
       adsurl = {https://ui.adsabs.harvard.edu/abs/2017SPD....4811001K},
      adsnote = {Provided by the SAO/NASA Astrophysics Data System}
}

@INPROCEEDINGS{2017SPD....4810610S,
       author = {{Smart}, Roy~T. and {Kankelborg}, Charles C. and {Bonham}, Nick and {Courrier}, Hans},
       author+an = {1=highlight},
        title = "{Measuring Plasma Flows in Transition Region Loops Using the MOSES Instrument}",
    booktitle = {AAS/Solar Physics Division Abstracts},
         year = 2017,
       series = {AAS/Solar Physics Division Meeting},
       volume = {48},
        month = aug,
          eid = {106.10},
       adsurl = {https://ui.adsabs.harvard.edu/abs/2017SPD....4810610S},
      adsnote = {Provided by the SAO/NASA Astrophysics Data System}
}

@INPROCEEDINGS{2016SPD....4730901S,
       author = {{Smart}, Roy~T. and {Courrier}, Hans and {Kankelborg}, Charles},
       author+an = {1=highlight},
        title = "{Preliminary Results of the MOSES II 2015 Flight}",
    booktitle = {AAS/Solar Physics Division Abstracts},
         year = 2016,
       series = {AAS/Solar Physics Division Meeting},
       volume = {47},
        month = may,
          eid = {309.01},
       adsurl = {https://ui.adsabs.harvard.edu/abs/2016SPD....4730901S},
      adsnote = {Provided by the SAO/NASA Astrophysics Data System}
}

